<?xml version="1.0" encoding="UTF-8"?><collection xmlns="http://www.loc.gov/MARC21/slim"><record><leader>00399nam--2200121-i-4500</leader><controlfield tag="001">000040676</controlfield><controlfield tag="002">20161230</controlfield><controlfield tag="005">20161230201042</controlfield><controlfield tag="008">060222s1000------------r-----000-0-eng-d</controlfield><datafield ind1=" " ind2=" " tag="100"><subfield code="a">Schreiter W</subfield></datafield><datafield ind1=" " ind2=" " tag="245"><subfield code="a">Seltene metalle. bd.iii:tantal,tellur, thallium, thorium, titan, uran, vanadium, wolfram, yttrium, zirkoniu</subfield></datafield><datafield ind1=" " ind2=" " tag="260"><subfield code="a">Leipzig, Veb Deutscher Verlag Fur Grundstoffindustrie, 1960</subfield></datafield><datafield ind1=" " ind2=" " tag="852"><subfield code="a">16350</subfield></datafield></record></collection>